% Encoding: UTF-8

% References.
@article{adler2020,
  author = {Adler, Eric D. and Voors, Adriaan A. and Klein, Liviu and
  Macheret, Fima and Braun, Oscar O. and Urey, Marcus A. and Zhu, Wenhong and
  Sama, Iziah and Tadel, Matevz and Campagnari, Claudio and Greenberg, Barry
  and Yagil, Avi},
  title = {{Improving risk prediction in heart failure using machine learning}},
  journal = {European Journal of Heart Failure},
  year = {2020},
  volume = {22},
  number = {1},
  doi = {https://doi.org/10.1002/ejhf.1628}
}

@article{awan2018,
  author = {Awan, S. E. and Sohel, F. and Sanfilippo, F. M. and Bennamoun, M.
  and Dwivedi, G.},
  title = {{Machine learning in heart failure.}},
  journal = {Current Opinion in Cardiology},
  year = {2018},
  volume = {33},
  number = {2},
  doi = {https://doi.org/10.1097/HCO.0000000000000491}
}

@article{chicco2020,
  author = {Chicco, D. and Jurman, G.},
  title = {{Machine learning can predict survival of patients with heart
  failure from serum creatinine and ejection fraction alone.}},
  journal = {BMC Medical Informatics and Decision Making},
  year = {2020},
  volume = {20},
  number = {16},
  doi = {https://doi.org/10.1186/s12911-020-1023-5}
}

@article{dataset_article,
  author = {Ahmad, T. and Munir, A. and Bhatti, S. H. and Aftab, M.
  and Raza, M. A.},
  title = {{Survival analysis of heart failure patients: A case study.}},
  journal = {PLoS ONE},
  year = {2017},
  volume = {12},
  number = {7},
  doi = {https://doi.org/10.1371/journal.pone.0181001}
}

@article{diretriz_insuficiencia_cardiaca_2018,
  author = {{Comitê Coordenador da Diretriz de Insuficiência Cardíaca}},
  title={{Diretriz Brasileira de Insuficiência Cardíaca Crônica e Aguda}},
  journal = {Arquivos Brasileiros de Cardiologia},
  year = {2018},
  volume = {111},
  number = {3},
  doi = {https://doi.org/10.5935/abc.20180190}
}

@article{heart_disease2021,
  author = {Virani, S. S. and others},
  title = {{Heart Disease and Stroke Statistics-2021 Update: A Report
  From the American Heart Association.}},
  journal = {Circulation},
  year = {2021},
  volume = {143},
  number = {8},
  doi = {https://doi.org/10.1161/CIR.0000000000000950}
}

@article{hfpef2018,
  author = {Tabassian, M. and others},
  title = {{Diagnosis of Heart Failure With Preserved Ejection Fraction:
  Machine Learning of Spatiotemporal Variations in Left Ventricular
  Deformation}},
  journal = {Journal of the American Society of Echocardiography},
  year = {2018},
  volume = {31},
  number = {12},
  doi = {https://doi.org/10.1016/j.echo.2018.07.013}
}

@article{gaui2014,
  author = {Gaui, E. and Oliveira, G. and Klein, C.},
  title={{Mortalidade por Insuficiência Cardíaca e Doença Isquêmica do
  Coração no Brasil de 1996 a 2011}},
  journal = {Arquivos Brasileiros de Cardiologia},
  year = {2014},
  volume = {102},
  number = {6},
  doi = {https://doi.org/10.5935/abc.20140072}
}

@article{nogueira2019,
  author = {Nogueira, I. D. B. and Nogueira, P. A. M. S. and Fonseca, A. M. C.
  and Santos, T. Z. M. and Souza, D. E. and Ferreira, G. M. H.},
  title={{Prevalência de insuficiência cardíaca e associação com saúde
  autorreferida no Brasil: Pesquisa Nacional de Saúde - 2013}},
  journal = {Acta Fisiátrica},
  year = {2019},
  volume = {26},
  number = {2},
  doi = {https://doi.org/10.11606/issn.2317-0190.v26i2a164952}
}

@book{machine_learning,
  author = {Tom M. Mitchell},
  title = {{Machine learning}},
  editor = {Eric Munson},
  publisher = {McGraw-Hill},
  year = {1997},
  pages = {XVII, 414},
  isbn = {978-0-07-042807-2},
}

@book{statistical_learning,
  author = {Gareth James and Daniela Witten and Trevor Hastie and
  Robert Tibshirani},
  title = {{An Introduction to Statistical Learning with Applications in R}},
  editor = {G. Casella and S. Fienberg and I. Olkin},
  publisher = {Springer, New York, NY},
  year = {2013},
  pages = {XIV, 426},
  isbn = {978-1-4614-7137-0},
}

@misc{heart_failure_definition,
  author = {{American Heart Association, Inc.}},
  title = {{What is Heart Failure?}},
  howpublished = {"https://www.heart.org/en/health-topics/heart-failure/what-is-heart-failure"},
  year = {2017},
  note = {Definição da condição clínica de insuficiência cardíaca; Acessado em 25 de Maio de 2021.}
}

@misc{larxel_dataset,
  author = {Larxel},
  title = {{Heart Failure Prediction}},
  howpublished = {"https://www.kaggle.com/andrewmvd/heart-failure-clinical-data"},
  year = {2020},
  note = {Conjunto de dados disponibilizado com licença CC BY 4.0; Acessado em 28 de Agosto de 2020.}
}
